@ARTICLE {8,
    author  = "Kyle Carbon, Kacyn Fujii, Prasanth Veerina - Stanford University",
    title   = "Applications of Machine Learning to Predict Yelp Ratings",
    journal = "Yelp Dataset Challenge",
    year    = "2014"
}